<?xml version="1.0" encoding="UTF-8"?><collection xmlns="http://www.loc.gov/MARC21/slim"><record><leader>00560nam--2200193-i-4500</leader><controlfield tag="001">000037592</controlfield><controlfield tag="002">20161230</controlfield><controlfield tag="005">20161230201041</controlfield><controlfield tag="008">060222s1000------------r-----000-0-rus-d</controlfield><datafield ind1=" " ind2=" " tag="040"><subfield code="a">IFIN-HH</subfield></datafield><datafield ind1=" " ind2=" " tag="041"><subfield code="a">rus</subfield></datafield><datafield ind1=" " ind2=" " tag="080"><subfield code="a">537.56:533.9</subfield></datafield><datafield ind1="1" ind2=" " tag="100"><subfield code="a">Huxley, L.G.H</subfield></datafield><datafield ind1="1" ind2="0" tag="245"><subfield code="a">Diffuziia i dreif elektronov v gazah</subfield><subfield code="c">L.G.H. Huxley, R.W. Crompton</subfield></datafield><datafield ind1=" " ind2=" " tag="260"><subfield code="a">Moskva</subfield><subfield code="b">Mir</subfield><subfield code="c">1977</subfield></datafield><datafield ind1=" " ind2=" " tag="500"><subfield code="a">Titlul original in lb. engleza: The Diffusion and Drift of Electrons in Gases</subfield></datafield><datafield ind1="1" ind2=" " tag="700"><subfield code="a">Crompton, R.W</subfield></datafield><datafield ind1=" " ind2=" " tag="852"><subfield code="a">45218</subfield><subfield code="c">533.9</subfield></datafield><datafield ind1=" " ind2=" " tag="CAT"><subfield code="a">Sys</subfield><subfield code="c">20100928</subfield><subfield code="h">111132</subfield></datafield></record></collection>